<?xml version="1.0" encoding="UTF-8"?><record xmlns="http://www.loc.gov/MARC21/slim" xmlns:cinclude="http://apache.org/cocoon/include/1.0" xmlns:zs="http://www.loc.gov/zing/srw/">
  <leader>00363nz  a2200121n  4500</leader>
  <controlfield tag="001">n  97901374 </controlfield>
  <controlfield tag="003">DLC</controlfield>
  <controlfield tag="005">19980211052221.4</controlfield>
  <controlfield tag="008">971112n| acannaab|          |n aaa |||  </controlfield>
  <datafield tag="010" ind1=" " ind2=" ">
    <subfield code="a">n  97901374 </subfield>
  </datafield>
  <datafield tag="040" ind1=" " ind2=" ">
    <subfield code="a">DLC</subfield>
    <subfield code="c">DLC</subfield>
  </datafield>
  <datafield tag="100" ind1="1" ind2="0">
    <subfield code="a">Garekwe, K.</subfield>
  </datafield>
  <datafield tag="670" ind1=" " ind2=" ">
    <subfield code="a">Report of the Workshop on Gender and Mathematics, 1992?:</subfield>
    <subfield code="b">t.p. (K. Garekwe) leaf 27 (UB-DMSE, P/Bag 0022, Gaborone)</subfield>
  </datafield>
</record>